@inproceedings{Tang:2015:IMN:2723372.2723734,
 author = {Tang, Youze and Shi, Yanchen and Xiao, Xiaokui},
 title = {Influence Maximization in Near-Linear Time: A Martingale Approach},
 booktitle = {Proceedings of the 2015 ACM SIGMOD International Conference on Management of Data},
 series = {SIGMOD '15},
 year = {2015},
 isbn = {978-1-4503-2758-9},
 location = {Melbourne, Victoria, Australia},
 pages = {1539--1554},
 numpages = {16},
 url = {http://doi.acm.org/10.1145/2723372.2723734},
 doi = {10.1145/2723372.2723734},
 acmid = {2723734},
 publisher = {ACM},
 address = {New York, NY, USA},
 keywords = {influence maximization, sampling},
} 
