 @misc{ wiki1,
   author = "{Wikipedia contributors}",
   title = "Minimax",
   year = "2018",
   url = "https://en.wikipedia.org/wiki/Minimax",
   note = "[Online; accessed 29-October-2018]"
 }

@Misc{ac,
howpublished = {\url{https://www.ctolib.com/topics-106266.html}},
note = {Accessed October 25, 2018},
title = {Implement AC automata in Python3},
author = {bigleopard}
